@incollection{Lachenmaier2019entwicklung,
    title = {{Entwicklung, Produktion und Einsatz von Industrie 4.0-Komponenten. Betriebswirtschaftliche Potenziale des digitalen Zwillings in der Produktion}},
    year = {2019},
    booktitle = {Handbuch Industrie 4.0 und Digitale Transformation: Betriebswirtschaftliche, technische und rechtliche Herausforderungen},
    author = {Lachenmaier, Jens and Klau{\ss}mann, Clemens and Kemper, Hans-Georg and Lasi, Heiner},
    editor = {Obermaier, Robert},
    pages = {317--337},
    publisher = {Springer Fachmedien Wiesbaden},
    url = {https://doi.org/10.1007/978-3-658-24576-4_14},
    address = {Wiesbaden},
    isbn = {978-3-658-24576-4},
    doi = {10.1007/978-3-658-24576-4{\_}14}
}

@techreport{Acatech2013Recommendations4.0,
    title = {{Recommendations for implementing the strategic initiative Industrie 4.0}},
    year = {2013},
    author = {Kagermann, Henning and Wahlster, Wolfgang and Helbig, Johannes},
    institution = {acatech - National Academy of Science and Egineering}
}

@article{Ye20204.0,
    title = {{ Toward the Plug-and- Produce Capability for Industry 4.0}},
    year = {2020},
    journal = {IEE Industrial Eletroncis Magazine},
    author = {Ye, Xun and Jiang, Junhui and Lee, Changdae and Kim, Namhyeok and Yu, Mengmeng and Hong, Seung Ho},
    month = {12},
    pages = {146--157}
}

@article{Cavalieri2020AShell,
    title = {{A Model for Predictive Maintenance Based on Asset Administration Shell}},
    year = {2020},
    author = {Cavalieri, Salvatore and Salafia, Marco Giuseppe},
    url = {www.mdpi.com/journal/sensors},
    doi = {10.3390/s20216028},
    keywords = {CPS, IIoT, asset administration shell, digital twin, industry 40, predictive maintenance}
}

@article{Negri2017ASystems,
    title = {{A Review of the Roles of Digital Twin in CPS-based Production Systems}},
    year = {2017},
    journal = {Procedia Manufacturing},
    author = {Negri, Elisa and Fumagalli, Luca and Macchi, Marco},
    month = {1},
    pages = {939--948},
    volume = {11},
    publisher = {Elsevier},
    doi = {10.1016/J.PROMFG.2017.07.198},
    issn = {2351-9789},
    keywords = {Cyber-Physical Systems, Digital Twin, Industry 4.0, Production Systems}
}

@article{Rosen2015AboutManufacturing,
    title = {{About The Importance of Autonomy and Digital Twins for the Future of Manufacturing}},
    year = {2015},
    journal = {IFAC-PapersOnLine},
    author = {Rosen, Roland and Von Wichert, Georg and Lo, George and Bettenhausen, Kurt D.},
    number = {3},
    month = {1},
    pages = {567--572},
    volume = {48},
    publisher = {Elsevier},
    doi = {10.1016/J.IFACOL.2015.06.141},
    issn = {2405-8963},
    keywords = {Automation, Autonomy, Digital twin, Manufacturing, Simulation}
}

@misc{Hanke2019AirbusWerden,
    title = {{Airbus will mit Skywise zum Google der Luftfahrt werden}},
    year = {2019},
    booktitle = {Handelsblatt},
    author = {Hanke, Thomas},
    month = {1},
    url = {https://www.handelsblatt.com/unternehmen/industrie/flugzeugbauer-airbus-will-zum-google-der-luftfahrt-werden/23872596.html?ticket=ST-1873117-2uqGlEPjtx1PnaSa0W6T-ap4}
}

@article{Malakuti2021AnTwins,
    title = {{An Architecture and Information Meta-model for Back-end Data Access via Digital Twins}},
    year = {2021},
    author = {Malakuti, Somayeh and Juhlin, Prerna and Doppelhamer, Jens and Schmitt, Johannes and Goldschmidt, Thomas and Ciepal, Aleksander},
    month = {12},
    pages = {1--8},
    publisher = {Institute of Electrical and Electronics Engineers (IEEE)},
    doi = {10.1109/ETFA45728.2021.9613724}
}

@article{MullerAnShell,
    title = {{An Ontological View of the RAMI4.0 Asset Administration Shell}},
    author = {M{\"{u}}ller, Andreas W and Grangel-Gonz{\'{a}}lez, Irlán and Lange, Christoph},
    isbn = {9789897584749},
    doi = {10.5220/0010111101650172},
    keywords = {Asset Administration Shell, Industrial Ontology, Industry 40, Information Integration}
}

@book{Epple2018BaSysAufbaus,
    title = {{BaSys 4.0: Metamodell der Komponenten und ihres Aufbaus}},
    year = {2018},
    author = {Epple, Ulrich and Grothoff, Julian and Wagner, Constantin},
    edition = {1},
    month = {7}
}

@techreport{Koschnick2016Beispiele4.0-Komponente-Basisteil,
    title = {{Beispiele zur Verwaltungsschale der Industrie 4.0-Komponente-Basisteil}},
    year = {2016},
    author = {Koschnick, Gunther},
    month = {10},
    url = {www.zvei.org},
    institution = {Zentralverband Elektrotechnik- und Elektroindustrie e.V.}
}

@techreport{Bedenbender2017BeziehungenProduktion,
    title = {{Beziehungen zwischen I4.0-Komponenten-Verbundkomponenten und intelligente Produktion}},
    year = {2017},
    author = {Bedenbender, Heinz and Bentkus, Alexander and Epple, Ulrich and Haidlich, Thomas and Hankel, Martin and Heidel, Roland and Hillermeier, Oliver and Hoffmeister, Michael and Lohmann, Steffen and Neidig, Jörg and Rauscher, Bendedikt and Weber, Ingo and Wollschlaeger, Martin},
    month = {6},
    pages = {1--56},
    url = {www.bmwi.de},
    institution = {Bundesministerium f{\"{u}}r Wirtschaft und Energie}
}

@book{Bedenbender2017BeziehungenProduktionb,
    title = {{Beziehungen zwischen I4.0-Komponenten-Verbundkomponenten und intelligente Produktion}},
    year = {2017},
    author = {Bedenbender, Heinz and Bentkus, Alexander and Epple, Ulrich and Hadlich, Thomas and Hankel, Martin and Heidel, Roland and Hillermeier, Oliver and Hoffmeister, Michael and {Huhnle Haimo} and Lohmann, Steffen and Mendes, Marco and Neidig, Jörg and Pollmeier, Stefan},
    pages = {1--56},
    url = {www.bmwi.de}
}

@article{Keddis2015Capability-basedSystems,
    title = {{Capability-based Planning and Scheduling for Adaptable Manufacturing Systems}},
    year = {2015},
    author = {Keddis, Nadine and Kainz, Gerd and Zoitl, Alois}
}

@article{Perzylo2020Capability-basedPerspective,
    title = {{Capability-based semantic interoperability of manufacturing resources: A BaSys 4.0 perspective}},
    year = {2020},
    author = {Perzylo, Alexander and Grothoff, Julian and Lucio, Levi and Weser, Michael and Malakuti, Somayeh and Venet, Pierre and Aravantinos, Vincent and Deppe, Torben}
}

@article{Zhang2018ChangeableArchitecture,
    title = {{Changeable Manufacturing Processes using Service-Based Decision-Making and I4.0 Service-Oriented Architecture}},
    year = {2018},
    journal = {ECSA '18, September 24-28, 2018 Mardrid},
    author = {Zhang, Zai},
    month = {9}
}

@article{Marella2018CognitiveProcesses,
    title = {{Cognitive Business Process Management for Adaptive Cyber-Physical Processes}},
    year = {2018},
    journal = {BPM 2017 Workshops},
    author = {Marella, Andrea and Mecella, Massimo},
    pages = {429--439}
}

@article{Prinz2019ConfigurationComponents,
    title = {{Configuration of application layer protocols within real-time i4.0 components}},
    year = {2019},
    journal = {IEEE International Conference on Industrial Informatics (INDIN)},
    author = {Prinz, Frederick and Schoeffler, Michael and Eckhardt, Andreas and Lechler, Armin and Verl, Alexander},
    month = {7},
    pages = {971--976},
    volume = {2019-July},
    publisher = {Institute of Electrical and Electronics Engineers Inc.},
    isbn = {9781728129273},
    doi = {10.1109/INDIN41052.2019.8972255},
    issn = {19354576}
}

@article{Lee2008CyberBerkeley,
    title = {{Cyber Physical Systems : Design Challenges University of California , Berkeley}},
    year = {2008},
    journal = {Distributed Computing},
    author = {Lee, Edward a},
    pages = {363--369},
    publisher = {Ieee},
    url = {http://ieeexplore.ieee.org/xpls/abs_all.jsp?arnumber=4519604},
    isbn = {978-0-7695-3132-8},
    doi = {10.1109/ISORC.2008.25}
}

@unpublished{ZVEI2020DasVernetzt,
    title = {{Das digitale Typenschild - Konsistent, Nachhaltig, Zukunftssicher, Vernetzt}},
    year = {2020},
    author = {{ZVEI}},
    month = {1}
}

@techreport{Bayha2020DescribingComponents,
    title = {{Describing Capabilities of Industrie 4.0 Components}},
    year = {2020},
    author = {Bayha, Andreas and Bock, Juergen and Boss, Birgit and Diedrich, Christian},
    month = {11},
    institution = {Bundesministerium f{\"{u}}r Wirtschaft und Energie}
}

@book{Bader2020Details3.0RC01,
    title = {{Details of the Asset Administration Shell - The exchange of information between partners in the value chain of Industrie 4.0 (Version 3.0RC01)}},
    year = {2020},
    author = {Bader, Sebastina and Barnstedt, Erich and Bedenbender, Heinz and Berres, Bernd and Billmann, Meik and Boss, Birgit and Brunmandl, André and Clauer, Erich and Diedrich, Christian and Hankel, Martin and Hillermeier, Oliver and Hoffmeister, Michael and Jochem, Michael and Koziolek, Yevgen and Miny, Torben and Neidig, Jörg and Pethig, Florian and Pollmeier, Stefan},
    edition = {1},
    month = {10},
    pages = {1--523},
    publisher = {Bundesministerium f{\"{u}}r Wirtschaft und Energie},
    url = {www.bmwi.de},
    address = {Berlin}
}

@techreport{Koschnick2015Die4.0-Komponente,
    title = {{Die Industrie 4.0-Komponente Vom Gegenstand zur Industrie 4.0-Komponente}},
    year = {2015},
    author = {Koschnick, Gunther and Hoffmeister, Michael},
    month = {4},
    url = {www.zvei.org},
    institution = {Zentralverband Elektrotechnik- und Elektroindustrie e.V.}
}

@techreport{BundesministeriumfurWirtschaft2021DigitalIndustries,
    title = {{Digital Platforms in Manufacturing Industries}},
    year = {2021},
    author = {{Bundesministerium f{\"{u}}r Wirtschaft}},
    month = {3}
}

@article{Garcia2020DigitalEnterprises,
    title = {{Digital retrofit: A first step toward the adoption of Industry 4.0 to the manufacturing systems of small and medium-sized enterprises}},
    year = {2020},
    journal = {J Engineering Manufacture},
    author = {Garc{\'{i}}a, José I and Cano, Ruth E and Contreras, Juan D},
    number = {8},
    pages = {1156--1169},
    volume = {234},
    doi = {10.1177/0954405420904852},
    keywords = {Digital retrofit, Industry 40, manufacturing systems, small and medium-sized enterprises}
}

@techreport{Boss2018Digital4.0,
    title = {{Digital Twin and Asset Administration Shell Concepts and Application in the Industrial Internet and Industrie 4.0}},
    year = {2018},
    author = {Boss, Birgit and Malakuti, Somayeh and Lin, Shi-Wan and Usl{\"{a}}nder, Thomas and Clauser, Erich and Hoffmeister, Michael and {Ljiljana Stojanovic}}
}

@article{Grieves2017DigitalSystems,
    title = {{Digital Twin: Mitigating Unpredictable, Undesirable Emergent Behavior in Complex Systems}},
    year = {2017},
    journal = {Transdisciplinary Perspectives on Complex Systems: New Findings and Approaches},
    author = {Grieves, Michael and Vickers, John},
    month = {1},
    pages = {85--113},
    publisher = {Springer, Cham},
    url = {https://link.springer.com/chapter/10.1007/978-3-319-38756-7_4},
    isbn = {9783319387567},
    doi = {10.1007/978-3-319-38756-7{\_}4}
}

@techreport{Falk2021DigitaleEntwicklung,
    title = {{Digitale {\"{O}}kosysteme in der Industrie-Typologie, Beispiele und zuk{\"{u}}nftige Entwicklung}},
    year = {2021},
    author = {Falk, Svenja and Guggenberger, Tobias and Lehmann-Brauns, Sicco and Leyh, Christian and Matischok, Lilian},
    month = {4},
    url = {www.bmwi.de},
    institution = {Bundesministerium f{\"{u}}r Wirtschaft und Energie (BMWI)}
}

@techreport{BundesministeriumfurWirtschaftundEnergie2021DigitaleEntwicklung,
    title = {{Digitale {\"{O}}losysteme in der Industrie - Typologie, Beispiele und zuk{\"{u}}nftige Entwicklung}},
    year = {2021},
    author = {{Bundesministerium f{\"{u}}r Wirtschaft und Energie}},
    month = {4}
}

@techreport{Arnold2018DigitaleMittelstand,
    title = {{Digitale Wertsch{\"{o}}pfungsnetzwerke und RAMI 4.0 im Hessischen Mittelstand}},
    year = {2018},
    author = {Arnold, Rende and Liebe, Andrea},
    edition = {},
    month = {8},
    url = {www.wirtschaft.hessen.dewww.htai.de},
    institution = {Hessisches Ministerium f{\"{u}}r Wirtschaft, Energie, Verkehr und Landesentwicklung},
    address = {Wiesbaden}
}

@article{Schicke2020EnablingTwins,
    title = {{Enabling Industry 4.0 Service-Oriented Architecture Through Digital Twins}},
    year = {2020},
    journal = {Software Architecture | 14th European Conference, ECSA 2020},
    author = {Schicke, Frank and Kuhn, Thomas and Antonino, Pablo},
    pages = {490--503}
}

@book{InternationalSocietyofAutomation2008EnterpriseIntegration,
    title = {{Enterprise Control System Integration}},
    year = {2008},
    author = {{International Society of Automation}},
    edition = {1},
    pages = {1--165},
    volume = {1}
}

@techreport{Bendig2021Equipment-as-a-ServiceIndustry,
    title = {{Equipment-as-a-Service | From Capex to Opex - new business models for the machinery industry}},
    year = {2021},
    author = {Bendig, Oliver and Pfeifle, Sebastian and Janik, Jonas and Kugel, Marian},
    institution = {Monitor Deloitte}
}

@article{Wein2020FlexibleShells,
    title = {{Flexible and Lightweight Framework for Active Industrial Asset Administration Shells}},
    year = {2020},
    author = {Wein, Stephan and K{\"{o}}rfer, Lukas and Storms, Simon and Brecher, Christian}
}

@article{Schluse2016FromSystems,
    title = {{From simulation to experimentable digital twins: Simulation-based development and operation of complex technical systems}},
    year = {2016},
    journal = {ISSE 2016 - 2016 International Symposium on Systems Engineering - Proceedings Papers},
    author = {Schluse, Michael and Rossmann, Juergen},
    month = {11},
    publisher = {Institute of Electrical and Electronics Engineers Inc.},
    isbn = {9781509007936},
    doi = {10.1109/SYSENG.2016.7753162},
    keywords = {Digital Twin, Simulation Technology, Virtual Testbed, eRobotics}
}

@techreport{Miny2021FunctionalEnvironment,
    title = {{Functional View of the Asset Administration Shell in an Industrie 4.0 System Environment}},
    year = {2021},
    author = {Miny, Torben and Stephan, Guido and Usl{\"{a}}nder, Thomas and Vialkowitch, Jens},
    month = {4},
    pages = {1--68},
    institution = {Plattform Industrie 4.0}
}

@book{Dumas2018FundamentalManagement,
    title = {{Fundamental of Business Process Management}},
    year = {2018},
    author = {Dumas, Marlon and La Rosa, Marcello and Mendling, Jan and Reijers, Hajo},
    edition = {2},
    volume = {},
    publisher = {Springer-Verlag GmbH}
}

@article{Birtel2019FutureFit:Approach,
    title = {{FutureFit: a strategy for getting a production asset to an industry 4.0 component – a human-centered approach}},
    year = {2019},
    journal = {Procedia Manufacturing},
    author = {Birtel, Max and David, Alexander and Hermann, Jesko and Mohr, Florian and Ruskowski, Martin},
    month = {1},
    pages = {1000--1007},
    volume = {38},
    publisher = {Elsevier},
    doi = {10.1016/J.PROMFG.2020.01.185},
    issn = {2351-9789},
    keywords = {Asset Administration Shell, Cyber-Physical Production Module, FutureFit, Human-centred Retrofit, I4.0 component, Smart Factories and Internet of Things}
}

@book{Bach2010GeschaftsmodelleGrundlagen,
    title = {{Gesch{\"{a}}ftsmodelle f{\"{u}}r Wertsch{\"{o}}pfungsnetzwerke — Begriffliche und konzeptionelle Grundlagen}},
    year = {2010},
    booktitle = {Gesch{\"{a}}ftsmodelle f{\"{u}}r Wertsch{\"{o}}pfungsnetzwerke},
    author = {Bach, Norbert and Buchholz, Wolfgang and Eichler, Bernd},
    edition = {2},
    pages = {489},
    publisher = {ilmedia},
    url = {https://www.researchgate.net/publication/302091484_Geschaftsmodelle_fur_Wertschopfungsnetzwerke_-_Begriffliche_und_konzeptionelle_Grundlagen},
    doi = {10.1007/978-3-322-88977-5{\_}1}
}

@article{Sturgeon2001HowNetworks,
    title = {{How do we define value chains and production networks?}},
    year = {2001},
    journal = {IDS Bulletin},
    author = {Sturgeon, T. J.},
    number = {3},
    pages = {9--18},
    volume = {32},
    publisher = {Institute of Development Studies},
    url = {https://www.researchgate.net/publication/227518028_How_Do_We_Define_Value_Chains_and_Production_Networks},
    doi = {10.1111/J.1759-5436.2001.MP32003002.X},
    issn = {02655012}
}

@misc{Russo2018HowCompetition,
    title = {{How IoT Data Ecosystems Will Transform B2B Competition}},
    year = {2018},
    author = {Russo, Massimo and Albert, Michael},
    url = {https://www.bcg.com/publications/2018/how-internet-of-things-iot-data-ecosystems-transform-b2b-competition}
}

@book{Schuh2020IndustrieAcatech,
    title = {{Industrie 4.0 Maturity Index. Die digitale Transformation von Unternehmen gestalten – UPDATE 2020 - acatech}},
    year = {2020},
    author = {Schuh, Günther and Anderl, Reiner and Gausemeier, Jürgen and ten Hompel, Michael},
    pages = {1--62},
    url = {https://www.acatech.de/publikation/industrie-4-0-maturity-index-update-2020/}
}

@incollection{Kuhn2020IndustrieArchitecture,
    title = {{Industrie 4.0 Virtual Automation Bus Architecture}},
    year = {2020},
    booktitle = {Software Architecture | 14th European Conference, ECSA 2020},
    author = {Kuhn, Thomas and Antonino, Pablo Oliveira and Schnicke, Frank},
    pages = {477--489},
    publisher = {}
}

@article{Schonig2020IoTExecution,
    title = {{IoT meets BPM: a bidirectional communication architecture for IoT-aware process execution}},
    year = {2020},
    journal = {Software and Systems Modelling},
    author = {Sch{\"{o}}nig, Stefan and Ackermann, Lars and Jablonski, Stefan and Ermer, Andreas},
    pages = {1443--1459}
}

@techreport{Belyaev2021ModellingECLASS,
    title = {{Modelling the Semantics of Data of an Asset Administration Shell with Elements of ECLASS}},
    year = {2021},
    author = {Belyaev, Alexander and Block, Christian and Boss, Birgit and Diedrich, Christian and Juhel, Philippe and Hartmann, Wilfried and Hillermeier, Oliver and Ondracek, Nikolaus and Schmelter, Josef},
    month = {6},
    pages = {1--54},
    institution = {ECLASS e.V}
}

@article{Brecher2018Multi-LevelModels,
    title = {{Multi-Level Modeling Framework for Machine as a Service Applications Based on Product Process Resource Models}},
    year = {2018},
    journal = {ISCSIC '18, September 21–23, 2018, Stockholm, Sweden},
    author = {Brecher, Christian and Kusmenko, Evgeny and Lindt, Achim and Rumpe, Bernhard and Storms, Simon and Wein, Stephan and von Wenckstern, Michael and Wortmann, Andreas}
}

@article{Cheng2017Ontology-BasedSystems,
    title = {{Ontology-Based Web Service Integration for Flexible Manufacturing Systems}},
    year = {2017},
    author = {Cheng, Haibo and Zeng, Peng},
    month = {7}
}

@article{Son2021PastManufacturing,
    title = {{Past, present, and future research of digital twin for smart manufacturing}},
    year = {2021},
    journal = {Journal of Computational Design and Engineering},
    author = {Son, Yoo Ho and Kim, Goo-Young and Kim, Hyeon Chan and Jun, Chanmo and Noh, Sang Do},
    number = {1},
    month = {12},
    pages = {1--23},
    volume = {9},
    publisher = {Oxford Academic},
    url = {https://academic.oup.com/jcde/article/9/1/1/6490313},
    doi = {10.1093/JCDE/QWAB067},
    keywords = {Reference Architecture Model Industry 40, digital twin, product lifecycle management, smart factory, smart manufacturing}
}

@article{Selcuk2016PredictiveTrends:,
    title = {{Predictive maintenance, its implementation and latest trends:}},
    year = {2016},
    journal = {http://dx.doi.org/10.1177/0954405415601640},
    author = {Selcuk, Sule},
    number = {9},
    month = {1},
    pages = {1670--1679},
    volume = {231},
    publisher = {SAGE PublicationsSage UK: London, England},
    url = {https://journals.sagepub.com/doi/full/10.1177/0954405415601640},
    doi = {10.1177/0954405415601640},
    issn = {20412975},
    keywords = {Internet of Things, Predictive maintenance, Wireless Network Systems, availability, e-maintenance, quality, radio-frequency identification, reliability, remote maintenance}
}

@article{Schweizer2021ProcessSystems,
    title = {{Process composition in distributed automation systems}},
    year = {2021},
    journal = {At-Automatisierungstechnik},
    author = {Schweizer, Hartmut and Braunisch, Nico and Alt, Raphael and Schmitz, Katharina and Wollschlaeger, Martin},
    number = {3},
    month = {3},
    pages = {242--255},
    volume = {69},
    publisher = {De Gruyter Oldenbourg},
    url = {https://www.degruyter.com/document/doi/10.1515/auto-2020-0118/html?lang=en},
    doi = {10.1515/AUTO-2020-0118/MACHINEREADABLECITATION/RIS},
    issn = {2196677X},
    keywords = {B2MML, IIoT, asset administration shells, plugand-produce}
}

@article{Hubner2015RAMIDownload,
    title = {{RAMI 4.0 und die Industrie-4.0-Komponente - PDF Kostenfreier Download}},
    year = {2015},
    journal = {Open Automation},
    author = {H{\"{u}}bner, Inge},
    pages = {3--6},
    url = {http://docplayer.org/83773889-Rami-4-0-und-die-industrie-4-0-komponente.html}
}

@article{Uslander2015ReferenceApproach,
    title = {{Reference model of Industrie 4.0 service architectures: Basic concepts and approach}},
    year = {2015},
    journal = {At-Automatisierungstechnik},
    author = {Usl{\"{a}}nder, Thomas and Epple, Ulrich},
    number = {10},
    month = {10},
    pages = {858--866},
    volume = {63},
    publisher = {Korean Academy of Medical Science},
    doi = {10.1515/AUTO-2015-0017},
    issn = {01782312},
    keywords = {I40 component, Internet of Things, Reference model, service-oriented architecture, value chain}
}

@book{Heidel2017ReferenzarchitekturmodellIndustrie4.0Komponente,
    title = {{Referenzarchitekturmodell mit Industrie4.0–Komponente}},
    year = {2017},
    author = {Heidel, Roland and Hoffmeister, Michael and Hankel, Martin and D{\"{o}}brich, Udo},
    volume = {1},
    publisher = {DIN Deutsches Institut f{\"{u}}r Normung e.V}
}

@article{Schleipen2015Requirements4.0,
    title = {{Requirements and concept for Plug-and-Work: Adaptivity in the context of Industry 4.0}},
    year = {2015},
    journal = {At-Automatisierungstechnik},
    author = {Schleipen, Miriam and L{\"{u}}der, Arndt and Sauer, Olaf and Flatt, Holger and Jasperneite, Jürgen},
    number = {10},
    month = {10},
    pages = {801--820},
    volume = {63},
    publisher = {Korean Academy of Medical Science},
    url = {https://www.degruyter.com/document/doi/10.1515/auto-2015-0015/html},
    doi = {10.1515/AUTO-2015-0015/MACHINEREADABLECITATION/RIS},
    issn = {01782312},
    keywords = {AutomationML, Industrie 4.0, Industry 4.0, OPC UA, Plug-and-Work}
}

@article{Lobov2009SemanticIndustries,
    title = {{Semantic Web Services Framework for Manufacturing Industries}},
    year = {2009},
    journal = {International Conference on Robotics and Biometics},
    author = {Lobov, Andrei and Lopez, Fernando Upis and Herrera, Vladimir and Puttonen, Juha and Lastra, Jose}
}

@article{Lastra2006SemanticRoadmap,
    title = {{Semantic Web Services in Factory Automation: Fundamental Insights and Research Roadmap}},
    year = {2006},
    journal = {Transactions on industrial informatics},
    author = {Lastra, Jose and Delamer, Ivan},
    month = {2}
}

@article{Lastra2006SemanticRoadmapb,
    title = {{Semantic Web Services in Factory Automation: Fundamental Insights and Research Roadmap}},
    year = {2006},
    journal = {IEEE TRANSACTIONS ON INDUSTRIAL INFORMATICS},
    author = {Lastra, Jose L Martinez and Delamer, Ivan M},
    number = {1},
    volume = {2},
    doi = {10.1109/TII.2005.862144},
    keywords = {Knowledge based systems, Semantic Web Services, manufacturing automation, reconfigurable manufacturing systems}
}

@article{ZhengSmartPerspectives,
    title = {{Smart manufacturing systems for Industry 4.0: Conceptual framework, scenarios, and future perspectives}},
    author = {Zheng, Pai and Wang, Honghui and Sang, Zhiqian and Zhong, Ray Y and Liu, Yongkui and Liu, Chao and Mubarok, Khamdi and Yu, Shiqiang and Xu, Xun},
    url = {https://doi.org/10.1007/s11465-018-0499-5},
    doi = {10.1007/s11465-018-0499-5},
    keywords = {Industry 40, Internet of Things, big data analytics, cyber-physical systems, framework, smart manufacturing systems}
}

@techreport{Anderl2016Softwarearchitekturen4.0,
    title = {{Softwarearchitekturen f{\"{u}}r Industrie 4.0}},
    year = {2016},
    author = {Anderl, Reiner and Deuse, Jochen and Doering, Michael and Funk, Markus and Heinze, Frank and J{\"{a}}nicke, Lutz},
    month = {6},
    pages = {1--52},
    institution = {VDI/VDE Institut f{\"{u}}r Innovation und Techning},
    address = {Berlin}
}

@techreport{Adolphs2016StructureComponent,
    title = {{Structure of the Asset Administration Shell - Continuation of the Development of the Reference Model for the Industrie 4.0 Component}},
    year = {2016},
    author = {Adolphs, Peter and Auer, Sören and Bedenbender, Heinz and Billmann, Meik and Hankel, Martin and Heidel, Roland and Hoffmeister, Michael and Jochem, Michael and Koziolek, Heiko and Linke, Lukas and Schewe, Frank},
    month = {4},
    pages = {1--52},
    institution = {Federal Ministry for Economic Affairs and Energy}
}

@article{Deuter2019TheTheory,
    title = {{The Digital Twin Theory}},
    year = {2019},
    journal = {Industrie 4.0 Management},
    author = {Deuter, Andreas and Pethig, Florian},
    number = {1},
    month = {2},
    pages = {27--30},
    volume = {2019},
    publisher = {GITO mbH Verlag},
    url = {https://www.researchgate.net/publication/330883447_The_Digital_Twin_Theory},
    doi = {10.30844/I40M{\_}19-1{\_}S27-30},
    issn = {23649208}
}

@article{Jaenisch2017TheChallenges,
    title = {{The Internet-of-Things Meets Business Process Management: Mutual Benefits and Challenges}},
    year = {2017},
    author = {Jaenisch, Christian and Koschmider, Agnes and Mecella, Massimo and Weber, Barbara and Burattin, Andrea and Di Ciccio, Claudio and Kannengiesser, Udo},
    volume = {}
}

@misc{ZVEI2015TheZvei.org,
    title = {{The Reference Architectural Model RAMI 4.0 and the Industrie 4.0 Component - zvei.org}},
    year = {2015},
    author = {ZVEI, Zentralverband Elektrotechnik- und Elektronikindustrie e.V.},
    month = {4},
    url = {https://www.zvei.org/en/subjects/industry-4-0/the-reference-architectural-model-rami-40-and-the-industrie-40-component/}
}

@article{Wagner2017ThePlant,
    title = {{The role of the Industry 4.0 asset administration shell and the digital twin during the life cycle of a plant}},
    year = {2017},
    journal = {IEEE International Conference on Emerging Technologies and Factory Automation, ETFA},
    author = {Wagner, Constantin and Grothoff, Julian and Epple, Ulrich and Drath, Rainer and Malakuti, Somayeh and Gr{\"{u}}ner, Sten and Hoffmeister, Michael and Zimermann, Patrick},
    month = {6},
    pages = {1--8},
    publisher = {Institute of Electrical and Electronics Engineers Inc.},
    isbn = {9781509065059},
    doi = {10.1109/ETFA.2017.8247583},
    issn = {19460759}
}

@incollection{Bader2019TheShell,
    title = {{The Semantic Asset Administration Shell}},
    year = {2019},
    booktitle = {Semantic Systems | The Power of AI and Knowledge Graphs},
    author = {Bader, Sebastian and Maleshkova, Maria},
    edition = {},
    pages = {159--174},
    publisher = {Springer Open}
}

@techreport{Falk2020ValueChina,
    title = {{Value Networks as the Foundation for Digital Business Models - Use Cases from Germany and China}},
    year = {2020},
    author = {Falk, Svenja and An, Lin and Anderl, Reiner and Beermann, Hendrik and Li, Junhai and Preissler, Steffen and Shi-Kupfer, Kristin},
    pages = {1--35},
    url = {www.i40-china.org},
    institution = {Deutsche Gesellschaft f{\"{u}}r Internationale Zusammenarbeit (GIZ) GmbH}
}

@article{Bedenbender2019VerwaltungschalePraxis,
    title = {{Verwaltungschale in der Praxis}},
    year = {2019},
    author = {Bedenbender, Heinz and Bock, Jürgen and Boss, Birgit and Diedrich, Christian and Garrels, Kai and Heidrich, Konrad and Hillermeier, Oliver and Rauscher, Benedikt and Sauer, Manuel and Schmidt, Jan},
    pages = {1--113},
    url = {www.bmwi.de}
}

@techreport{Vialkowitsch2018VokabularI4.0-Sprache,
    title = {{Vokabular, Nachrichtenstruktur und semantische Interaktionsprotokolle der I4.0-Sprache}},
    year = {2018},
    author = {Vialkowitsch, Jens and Schell, Otto and Usl{\"{a}}nder, Thomas and Reich, Johannes and Diedrich, Christian},
    month = {4},
    pages = {1--28},
    url = {www.bmwi.de},
    institution = {Bundesministerium f{\"{u}}r Wirtschaft und Energie}
}

@misc{Schreiner2020WasBeispiele,
    title = {{Was ist Predictive Maintenance? Definition, Anwendung und Beispiele}},
    year = {2020},
    author = {Schreiner, Jakob and Mundt, Elisa},
    url = {https://www.industry-of-things.de/was-ist-predictive-maintenance-definition-anwendung-und-beispiele-a-693842/}
}

@misc{Noll2021WasRexroth,
    title = {{Was leistet die Verwaltungsschale? - Industrie neu gedacht - ein Tech-Podcast von Bosch Rexroth}},
    year = {2021},
    author = {Noll, Susanne and Ziesche, Constantin},
    url = {https://industrie.podigee.io/10-verwaltungsschale}
}

@techreport{Bock2016Weiterentwicklung4.0-Komponenten,
    title = {{Weiterentwicklung des Interaktionsmodells f{\"{u}}r Industrie 4.0-Komponenten}},
    year = {2016},
    author = {Bock, Jürgen and Diedrich, Christian and H{\"{a}}nisch, Rolf and Kraft, Andreas and Neidig, Jörg and Niggemann, Oliver and Pethig, Florian and Reich, Johannes and Schulz, Thomas},
    month = {11},
    pages = {1--54},
    url = {www.bmwi.de},
    institution = {Bundesministerium f{\"{u}}r Wirtschaft und Energie (BMWI)}
}

@techreport{Stark2020WiGep-PositonTwin,
    title = {{WiGep-Positon Paper: "Digital Twin"}},
    year = {2020},
    author = {Stark, Rainer and Anderl, Reiner and Gr{\"{a}}ssler, Iris and Pottebaum, Jens and Thoben, Klaus-Dieter and Gerhard, Detlef},
    pages = {1--6}
}

@misc{VolkswagenAG2019WirLive,
    title = {{Wir schalten die Industrie 4.0 live}},
    year = {2019},
    author = {{Volkswagen AG}},
    month = {3},
    url = {https://www.volkswagenag.com/de/news/stories/2019/03/volkswagen-industrial-cloud.html}
}